<record><leader>00000cas a2200000 a 4500</leader><controlfield tag="001">10855184</controlfield><controlfield tag="008">840618d18501891cauwr ne      0    0eng c</controlfield><datafield ind1=" " ind2=" " tag="010"><subfield code="a">sn 84025972 </subfield></datafield><datafield ind1=" " ind2=" " tag="040"><subfield code="a">NPV</subfield><subfield code="b">eng</subfield><subfield code="c">NPV</subfield><subfield code="d">NPU</subfield><subfield code="d">NPX</subfield><subfield code="d">PPM</subfield><subfield code="d">DLC</subfield><subfield code="d">YOX</subfield><subfield code="d">MQN</subfield><subfield code="d">MFN</subfield><subfield code="d">CNK</subfield><subfield code="d">OCL</subfield><subfield code="d">DLC</subfield><subfield code="d">NYS</subfield><subfield code="d">DLC</subfield><subfield code="d">OCLCQ</subfield><subfield code="d">OCLCF</subfield><subfield code="d">OCLCO</subfield><subfield code="d">CUS</subfield></datafield><datafield ind1=" " ind2=" " tag="042"><subfield code="a">pcc</subfield></datafield><datafield ind1=" " ind2=" " tag="043"><subfield code="a">n-us-ca</subfield></datafield><datafield ind1=" " ind2="4" tag="050"><subfield code="a">AN</subfield></datafield><datafield ind1="0" ind2="0" tag="050"><subfield code="a">Newspaper</subfield></datafield><datafield ind1="0" ind2="0" tag="245"><subfield code="a">Weekly alta California.</subfield></datafield><datafield ind1="3" ind2="0" tag="246"><subfield code="a">Alta California</subfield></datafield><datafield ind1="1" ind2=" " tag="246"><subfield code="i">Issues for &lt;1869-1874&gt; published as:</subfield><subfield code="a">Weekly alta California and San Francisco times</subfield></datafield><datafield ind1=" " ind2=" " tag="260"><subfield code="a">San Francisco, Calif. :</subfield><subfield code="b">E. Gilbert &amp; Co.</subfield></datafield><datafield ind1=" " ind2=" " tag="300"><subfield code="a">volumes ;</subfield><subfield code="c">58 cm.</subfield></datafield><datafield ind1=" " ind2=" " tag="310"><subfield code="a">Weekly</subfield></datafield><datafield ind1=" " ind2=" " tag="336"><subfield code="a">text</subfield><subfield code="b">txt</subfield><subfield code="2">rdacontent</subfield></datafield><datafield ind1=" " ind2=" " tag="337"><subfield code="a">unmediated</subfield><subfield code="b">n</subfield><subfield code="2">rdamedia</subfield></datafield><datafield ind1=" " ind2=" " tag="338"><subfield code="a">volume</subfield><subfield code="b">nc</subfield><subfield code="2">rdacarrier</subfield></datafield><datafield ind1="1" ind2=" " tag="362"><subfield code="a">Began Jan. 22, 1850; ceased Jan. 18, 1891.</subfield></datafield><datafield ind1=" " ind2=" " tag="530"><subfield code="a">Available on microfilm from the Library of Congress, Photoduplication Service.</subfield></datafield><datafield ind1=" " ind2=" " tag="588"><subfield code="a">Description based on: Vol. 2, no. 15 (Apr. 13, 1850).</subfield></datafield><datafield ind1=" " ind2="0" tag="651"><subfield code="a">San Francisco (Calif.)</subfield><subfield code="v">Newspapers.</subfield></datafield><datafield ind1=" " ind2="7" tag="651"><subfield code="a">California</subfield><subfield code="z">San Francisco.</subfield><subfield code="2">fast</subfield><subfield code="0">(OCoLC)fst01204481</subfield></datafield><datafield ind1=" " ind2="7" tag="655"><subfield code="a">Newspapers.</subfield><subfield code="2">fast</subfield><subfield code="0">(OCoLC)fst01423814</subfield></datafield><datafield ind1=" " ind2=" " tag="752"><subfield code="a">United States</subfield><subfield code="b">California</subfield><subfield code="c">San Francisco</subfield><subfield code="d">San Francisco.</subfield></datafield><datafield ind1="0" ind2=" " tag="775"><subfield code="t">Alta California (San Francisco, Calif. : Triweekly)</subfield><subfield code="w">(DLC)sn 84027230</subfield><subfield code="w">(OCoLC)11052054</subfield></datafield><datafield ind1="0" ind2=" " tag="775"><subfield code="t">Daily alta California</subfield><subfield code="w">(DLC)sn 84031933</subfield><subfield code="w">(OCoLC)1565791</subfield></datafield><datafield ind1="0" ind2=" " tag="775"><subfield code="t">Alta California (San Francisco, Calif. : Steamer ed.)</subfield><subfield code="w">(DLC)sn 82016463</subfield><subfield code="w">(OCoLC)9346554</subfield></datafield><datafield ind1="0" ind2="8" tag="776"><subfield code="i">Online version:</subfield><subfield code="t">Weekly alta California (Online)</subfield><subfield code="w">(OCoLC)494180638</subfield></datafield><datafield ind1="0" ind2="0" tag="780"><subfield code="t">Alta California (San Francisco, Calif. : Weekly)</subfield><subfield code="w">(DLC)sn 82016197</subfield><subfield code="w">(OCoLC)9188968</subfield></datafield><datafield ind1="0" ind2="5" tag="780"><subfield code="t">Weekly placer times and transcript</subfield><subfield code="g">1855</subfield><subfield code="w">(DLC)sn 84027313</subfield><subfield code="w">(OCoLC)11032553</subfield></datafield><datafield ind1="0" ind2="5" tag="780"><subfield code="t">San Francisco weekly times</subfield><subfield code="w">(DLC)sn 94052934</subfield><subfield code="w">(OCoLC)31700853</subfield></datafield><datafield ind1="4" ind2="1" tag="856"><subfield code="3">10/05/1850 to 12/30/1854</subfield><subfield code="u">http://infoweb.newsbank.com/?db=EANX&amp;s_browseRef=decades/111FCE188ACE0978/all.xml</subfield></datafield><datafield ind1="1" ind2=" " tag="029"><subfield code="a">AU@</subfield><subfield code="b">000020228813</subfield></datafield></record>